<collection xmlns="http://www.loc.gov/MARC21/slim">
<record>
  <leader>01135nam0a22001931i 450 </leader>
  <controlfield tag="001">IT\ICCU\CNCE\061445</controlfield>
  <controlfield tag="005">20080910000000.0</controlfield>
  <datafield tag="012" ind1=" " ind2=" ">
    <subfield code="a">oael oati lai- noto (C) 1549 (Q)</subfield>
    <subfield code="2">fei</subfield>
  </datafield>
  <datafield tag="100" ind1=" " ind2=" ">
    <subfield code="a">20050926f1549        0itac0103    ba</subfield>
  </datafield>
  <datafield tag="101" ind1=" " ind2=" ">
    <subfield code="a">ITA</subfield>
  </datafield>
  <datafield tag="102" ind1=" " ind2=" ">
    <subfield code="a">IT</subfield>
  </datafield>
  <datafield tag="200" ind1="1" ind2=" ">
    <subfield code="a">Lettere diuerse del mondo nuouo; o de l&apos;Indie nuoue, con altri auisi, e belle nuoue di grande allegrezza, e come il re di Tanor, e la regina sono battezzati con pi ̮di 300.000 anime e del viaggio del r ̈di Tanor ne la citta di Goa et altre descrizzioni di quel paese e di lor nazzioni, et vita, poste in luce, per messer Andrea Mattheo Terra Nuoua merce a la bont ̉del sacro cardinal di Trani, suo signor. \Co!n una lettera a la regina di Portugallo scritta dal uescouo di Goa, et una littera che scriue il redi Tanor ad esso vescouo suo prelato</subfield>
  </datafield>
  <datafield tag="210" ind1=" " ind2=" ">
    <subfield code="d">\dopo il 1549!</subfield>
  </datafield>
  <datafield tag="215" ind1=" " ind2=" ">
    <subfield code="a">\4! c.</subfield>
    <subfield code="d">4ʻ</subfield>
  </datafield>
  <datafield tag="300" ind1=" " ind2=" ">
    <subfield code="a">La data presunta si ricava dal testo</subfield>
  </datafield>
  <datafield tag="700" ind1=" " ind2="1">
    <subfield code="a">Terranuova,</subfield>
    <subfield code="b">Andrea Matteo</subfield>
    <subfield code="3">IT\ICCU\CNCA\023524</subfield>
  </datafield>
  <datafield tag="712" ind1="0" ind2="2">
    <subfield code="a">s.n.</subfield>
    <subfield code="3">IT\ICCU\CNCT\000002</subfield>
    <subfield code="4">650</subfield>
  </datafield>
  <datafield tag="801" ind1=" " ind2="3">
    <subfield code="a">IT</subfield>
    <subfield code="b">ICCU</subfield>
    <subfield code="c">20201115</subfield>
  </datafield>
  <datafield tag="899" ind1=" " ind2=" ">
    <subfield code="a">Biblioteca Apostolica Vaticana. Citt ̉del Vaticano</subfield>
    <subfield code="1">EX0001</subfield>
    <subfield code="2">ZCV 01</subfield>
  </datafield>
</record>
</collection>
